<record><leader>00000cas a22000007a 4500</leader><controlfield tag="001">12815143</controlfield><controlfield tag="008">851118d19121976pauwr ne      0    0eng d</controlfield><datafield ind1=" " ind2=" " tag="010"><subfield code="a">sn 85055220 </subfield></datafield><datafield ind1=" " ind2=" " tag="040"><subfield code="a">NPH</subfield><subfield code="b">eng</subfield><subfield code="c">NPH</subfield><subfield code="d">OCLCQ</subfield></datafield><datafield ind1=" " ind2=" " tag="042"><subfield code="a">msc</subfield></datafield><datafield ind1="0" ind2=" " tag="130"><subfield code="a">Independent (Turtle Creek, Pa.)</subfield></datafield><datafield ind1="1" ind2="4" tag="245"><subfield code="a">The independent.</subfield></datafield><datafield ind1=" " ind2=" " tag="260"><subfield code="a">Turtle Creek, Pa. :</subfield><subfield code="b">A. Park Dibler</subfield></datafield><datafield ind1=" " ind2=" " tag="300"><subfield code="a">v. :</subfield><subfield code="b">ill. ;</subfield><subfield code="c">60 cm.</subfield></datafield><datafield ind1=" " ind2=" " tag="310"><subfield code="a">Weekly</subfield></datafield><datafield ind1="1" ind2=" " tag="362"><subfield code="a">Began in 1912.</subfield></datafield><datafield ind1="0" ind2=" " tag="362"><subfield code="a">-63rd yr., no. 13 (Dec. 1, 1976).</subfield></datafield><datafield ind1=" " ind2=" " tag="500"><subfield code="a">Published in Braddock, Pa., &lt;1962&gt;; Monroeville, Pa., &lt;1971&gt;.</subfield></datafield><datafield ind1=" " ind2=" " tag="500"><subfield code="a">Publisher: Braddock Free Press Pub. Co., Inc., &lt;1960&gt;.</subfield></datafield><datafield ind1=" " ind2=" " tag="500"><subfield code="a">Covers "Turtle Creek, East Pittsburgh, Wolftown, Wilmerding, East McKeesport, Forest Hills, Pitcairn, Trafford, Wall, Chalfant."</subfield></datafield><datafield ind1=" " ind2=" " tag="588"><subfield code="a">Description based on: Vol. 26, no. 17 (Jan. 5, 1939).</subfield></datafield><datafield ind1=" " ind2=" " tag="752"><subfield code="a">United States</subfield><subfield code="b">Pennsylvania</subfield><subfield code="c">Allegheny</subfield><subfield code="d">Turtle Creek.</subfield></datafield><datafield ind1=" " ind2=" " tag="752"><subfield code="a">United States</subfield><subfield code="b">Pennsylvania</subfield><subfield code="c">Allegheny</subfield><subfield code="d">Braddock.</subfield></datafield><datafield ind1=" " ind2=" " tag="752"><subfield code="a">United States</subfield><subfield code="b">Pennsylvania</subfield><subfield code="c">Allegheny</subfield><subfield code="d">Monroeville.</subfield></datafield><datafield ind1="0" ind2="7" tag="785"><subfield code="t">Free press (Braddock, Pa.)</subfield><subfield code="w">(DLC)sn 89077874</subfield></datafield><datafield ind1="0" ind2="7" tag="785"><subfield code="t">Free press the independent</subfield><subfield code="w">(DLC)sn 89077875</subfield></datafield><datafield ind1="1" ind2=" " tag="029"><subfield code="a">AU@</subfield><subfield code="b">000025804902</subfield></datafield></record>